@article{李硕2011科技传播,
	title={人工神经网络介绍},
	author={李硕},
	journal={科技传播},
	year={2011},
	number={07},
	pages={111+175},
}

@book{MATLAB,
	title={MATLAB在数学建模中的应用},
	author={卓金武，魏永生，秦健，李必文},
	publisher={北京航空航天大学出版社},
	year={2011},
}

@INPROCEEDINGS{LiFeiFei2009CVPR,
	author={J. Deng and W. Dong and R. Socher and L. J. Li and Kai Li and Li, Fei-Fei}, 
	booktitle={2009 IEEE Conference on Computer Vision and Pattern Recognition}, 
	title={ImageNet: A Large-scale Hierarchical Image Database}, 
	year={2009}, 
	pages={248-255}, 
}

@incollection{Alex2012NIPS,
	title = {ImageNet Classification with Deep Convolutional Neural Networks},
	author = {Alex Krizhevsky and Sutskever, Ilya and Hinton, Geoffrey E},
	booktitle = {Advances in Neural Information Processing Systems 25},
	pages = {1097--1105},
	year = {2012},
}

@inproceedings{lecun1990CNN,
	title={Handwritten digit recognition with a back-propagation network},
	author={LeCun, Yann and Boser, Bernhard E and Denker, John S and Henderson, Donnie and Howard, Richard E and Hubbard, Wayne E and Jackel, Lawrence D},
	booktitle={Advances in neural information processing systems},
	pages={396--404},
	year={1990}
}

@article{silver2016AlphaGo,
	title={Mastering the game of Go with deep neural networks and tree search},
	author={Silver, David and Huang, Aja and Maddison, Chris J and Guez, Arthur and Sifre, Laurent and Van Den Driessche, George and Schrittwieser, Julian and Antonoglou, Ioannis and Panneershelvam, Veda and Lanctot, Marc and others},
	journal={Nature},
	volume={529},
	number={7587},
	pages={484--489},
	year={2016},
	publisher={Nature Research}
}

@article{krizhevsky2009cifar,
	title={Learning multiple layers of features from tiny images},
	author={Krizhevsky, Alex and Hinton, Geoffrey},
	year={2009},
	publisher={Technical report, University of Toronto}
}

@article{lecun2010mnist,
	title={MNIST handwritten digit database},
	author={LeCun, Yann and Cortes, Corinna and Burges, Christopher JC},
	journal={AT\&T Labs},
	volume={2},
	year={2010}
}

@misc{cs231n,
	author = {Li, Fei-Fei and Johnson,
	Justin and Yeung, Serena},
	title = {Stanford University CS231N: Convolutional Neural Networks for Visual Recognition},
	year = {2017},
	howpublished = {\url{http://cs231n.stanford.edu/}}
}

@misc{deeplearning,
	author = {Ng, Andrew and Younes Bensouda Mourri and Katanforoosh, Kian},
	title = {Coursera Specialization: Deep Learning},
	year = {2017},
	howpublished = {\url{https://www.coursera.org/specializations/deep-learning}}
}